[gd_scene load_steps=13 format=2]

[ext_resource path="res://Scenes/ball.tscn" type="PackedScene" id=1]
[ext_resource path="res://Scenes/paddle.tscn" type="PackedScene" id=2]
[ext_resource path="res://Code/paddle.gd" type="Script" id=3]
[ext_resource path="res://Code/game.gd" type="Script" id=4]
[ext_resource path="res://Scenes/ui.tscn" type="PackedScene" id=5]
[ext_resource path="res://Scenes/background.tscn" type="PackedScene" id=6]
[ext_resource path="res://Scenes/menu.tscn" type="PackedScene" id=7]

[sub_resource type="SegmentShape2D" id=3]
a = Vector2( -512, 8 )
b = Vector2( 768, 8 )

[sub_resource type="SegmentShape2D" id=2]
a = Vector2( 0, 720 )
b = Vector2( 0, 0 )

[sub_resource type="SegmentShape2D" id=1]
a = Vector2( -600, 0 )
b = Vector2( 680, 0 )

[sub_resource type="Animation" id=4]
resource_name = "BumpLeft"
length = 0.7
tracks/0/type = "value"
tracks/0/path = NodePath(".:position")
tracks/0/interp = 1
tracks/0/loop_wrap = true
tracks/0/imported = false
tracks/0/enabled = true
tracks/0/keys = {
"times": PoolRealArray( 0, 0.1, 0.7 ),
"transitions": PoolRealArray( 0.5, 0.1, 1 ),
"update": 0,
"values": [ Vector2( 0, 0 ), Vector2( -5, 0 ), Vector2( 0, 0 ) ]
}

[sub_resource type="Animation" id=5]
resource_name = "BumpRight"
length = 0.7
tracks/0/type = "value"
tracks/0/path = NodePath(".:position")
tracks/0/interp = 1
tracks/0/loop_wrap = true
tracks/0/imported = false
tracks/0/enabled = true
tracks/0/keys = {
"times": PoolRealArray( 0, 0.1, 0.7 ),
"transitions": PoolRealArray( 0.5, 0.1, 1 ),
"update": 0,
"values": [ Vector2( 0, 0 ), Vector2( 5, 0 ), Vector2( 0, 0 ) ]
}

[node name="Game" type="Node2D"]
script = ExtResource( 4 )

[node name="Background" parent="." instance=ExtResource( 6 )]

[node name="Top" type="StaticBody2D" parent="."]
collision_layer = 4

[node name="Collider" type="CollisionShape2D" parent="Top"]
position = Vector2( 512, -8 )
shape = SubResource( 3 )

[node name="Left" type="StaticBody2D" parent="."]
collision_layer = 4

[node name="Collider" type="CollisionShape2D" parent="Left"]
shape = SubResource( 2 )

[node name="Right" type="StaticBody2D" parent="."]
position = Vector2( 1024, 0 )
collision_layer = 4

[node name="Collider" type="CollisionShape2D" parent="Right"]
position = Vector2( 256, 0 )
shape = SubResource( 2 )

[node name="Bottom" type="StaticBody2D" parent="."]
position = Vector2( 600, 704 )
collision_layer = 4

[node name="Collider" type="CollisionShape2D" parent="Bottom"]
position = Vector2( 0, 16 )
shape = SubResource( 1 )

[node name="Ball" parent="." instance=ExtResource( 1 )]
position = Vector2( 688, 352 )
collision_mask = 4

[node name="Paddle" parent="." instance=ExtResource( 2 )]
position = Vector2( 0, 352 )
collision_mask = 5
script = ExtResource( 3 )

[node name="UI" parent="." instance=ExtResource( 5 )]
margin_right = 1280.0
margin_bottom = 720.0

[node name="Menu" parent="." instance=ExtResource( 7 )]
margin_right = 1280.0
margin_bottom = 720.0

[node name="Anim" type="AnimationPlayer" parent="."]
anims/BumpLeft = SubResource( 4 )
anims/BumpRight = SubResource( 5 )
