[gd_scene load_steps=23 format=2]

[ext_resource path="res://Code/pausemenu.gd" type="Script" id=1]
[ext_resource path="res://Assets/fontdata.tres" type="DynamicFontData" id=2]
[ext_resource path="res://Assets/buttons/button.tres" type="StyleBox" id=3]
[ext_resource path="res://Assets/buttons/buttonpressed.tres" type="StyleBox" id=4]
[ext_resource path="res://Code/gameover.gd" type="Script" id=5]

[sub_resource type="StyleBoxFlat" id=1]
bg_color = Color( 0, 0, 0.627451, 0.784314 )
corner_radius_top_left = 50
corner_radius_top_right = 50

[sub_resource type="DynamicFont" id=4]
size = 64
font_data = ExtResource( 2 )

[sub_resource type="DynamicFont" id=2]
size = 32
font_data = ExtResource( 2 )

[sub_resource type="DynamicFont" id=10]
size = 24
font_data = ExtResource( 2 )

[sub_resource type="DynamicFont" id=11]
size = 24
font_data = ExtResource( 2 )

[sub_resource type="DynamicFont" id=5]
size = 32
font_data = ExtResource( 2 )

[sub_resource type="StyleBoxFlat" id=8]
bg_color = Color( 0.317647, 0.862745, 0.403922, 1 )
corner_radius_top_left = 16
corner_radius_top_right = 16
corner_radius_bottom_right = 16
corner_radius_bottom_left = 16

[sub_resource type="StyleBoxFlat" id=14]
bg_color = Color( 0.862745, 0.317647, 0.317647, 1 )
corner_radius_top_left = 16
corner_radius_top_right = 16
corner_radius_bottom_right = 16
corner_radius_bottom_left = 16

[sub_resource type="StyleBoxFlat" id=15]
bg_color = Color( 0.435294, 0.054902, 0.054902, 1 )
corner_radius_top_left = 16
corner_radius_top_right = 16
corner_radius_bottom_right = 16
corner_radius_bottom_left = 16

[sub_resource type="StyleBoxFlat" id=16]
bg_color = Color( 0.745098, 0.160784, 0.160784, 1 )
corner_radius_top_left = 16
corner_radius_top_right = 16
corner_radius_bottom_right = 16
corner_radius_bottom_left = 16

[sub_resource type="Animation" id=7]
resource_name = "SlideDown"
length = 0.5
tracks/0/type = "bezier"
tracks/0/path = NodePath(".:rect_position:x")
tracks/0/interp = 1
tracks/0/loop_wrap = true
tracks/0/imported = false
tracks/0/enabled = true
tracks/0/keys = {
"points": PoolRealArray(  ),
"times": PoolRealArray(  )
}
tracks/1/type = "bezier"
tracks/1/path = NodePath(".:rect_position:y")
tracks/1/interp = 1
tracks/1/loop_wrap = true
tracks/1/imported = false
tracks/1/enabled = true
tracks/1/keys = {
"points": PoolRealArray( 0, 0, 0, 0.25, 0, 500, -0.25, 0, 0, 0 ),
"times": PoolRealArray( 0, 0.5 )
}

[sub_resource type="Animation" id=3]
resource_name = "SlideUp"
length = 0.5
tracks/0/type = "bezier"
tracks/0/path = NodePath(".:rect_position:x")
tracks/0/interp = 1
tracks/0/loop_wrap = true
tracks/0/imported = false
tracks/0/enabled = true
tracks/0/keys = {
"points": PoolRealArray(  ),
"times": PoolRealArray(  )
}
tracks/1/type = "bezier"
tracks/1/path = NodePath(".:rect_position:y")
tracks/1/interp = 1
tracks/1/loop_wrap = true
tracks/1/imported = false
tracks/1/enabled = true
tracks/1/keys = {
"points": PoolRealArray( 500, 0, 0, 0.25, 0, 0, -0.25, 0, 0, 0 ),
"times": PoolRealArray( 0, 0.5 )
}

[sub_resource type="StyleBoxFlat" id=17]
bg_color = Color( 0.862745, 0.701961, 0.317647, 1 )
corner_radius_top_left = 16
corner_radius_top_right = 16
corner_radius_bottom_right = 16
corner_radius_bottom_left = 16

[sub_resource type="StyleBoxFlat" id=18]
bg_color = Color( 0.435294, 0.356863, 0.054902, 1 )
corner_radius_top_left = 16
corner_radius_top_right = 16
corner_radius_bottom_right = 16
corner_radius_bottom_left = 16

[sub_resource type="StyleBoxFlat" id=19]
bg_color = Color( 0.745098, 0.592157, 0.160784, 1 )
corner_radius_top_left = 16
corner_radius_top_right = 16
corner_radius_bottom_right = 16
corner_radius_bottom_left = 16

[sub_resource type="Animation" id=12]
resource_name = "SlideDown"
length = 0.5
tracks/0/type = "bezier"
tracks/0/path = NodePath(".:rect_position:x")
tracks/0/interp = 1
tracks/0/loop_wrap = true
tracks/0/imported = false
tracks/0/enabled = true
tracks/0/keys = {
"points": PoolRealArray(  ),
"times": PoolRealArray(  )
}
tracks/1/type = "bezier"
tracks/1/path = NodePath(".:rect_position:y")
tracks/1/interp = 1
tracks/1/loop_wrap = true
tracks/1/imported = false
tracks/1/enabled = true
tracks/1/keys = {
"points": PoolRealArray( 0, 0, 0, 0.25, 0, 500, -0.25, 0, 0, 0 ),
"times": PoolRealArray( 0, 0.5 )
}

[sub_resource type="Animation" id=13]
resource_name = "SlideUp"
length = 0.5
tracks/0/type = "bezier"
tracks/0/path = NodePath(".:rect_position:x")
tracks/0/interp = 1
tracks/0/loop_wrap = true
tracks/0/imported = false
tracks/0/enabled = true
tracks/0/keys = {
"points": PoolRealArray(  ),
"times": PoolRealArray(  )
}
tracks/1/type = "bezier"
tracks/1/path = NodePath(".:rect_position:y")
tracks/1/interp = 1
tracks/1/loop_wrap = true
tracks/1/imported = false
tracks/1/enabled = true
tracks/1/keys = {
"points": PoolRealArray( 500, 0, 0, 0.25, 0, 0, -0.25, 0, 0, 0 ),
"times": PoolRealArray( 0, 0.5 )
}

[node name="Menu" type="Control"]
pause_mode = 2
anchor_right = 1.0
anchor_bottom = 1.0
margin_top = 256.0

[node name="GameOver" type="Panel" parent="."]
anchor_right = 1.0
anchor_bottom = 1.0
margin_left = 128.0
margin_right = -128.0
margin_bottom = 0.000244141
custom_styles/panel = SubResource( 1 )
script = ExtResource( 5 )

[node name="Title" type="Label" parent="GameOver"]
anchor_right = 1.0
anchor_bottom = 1.0
margin_left = 256.0
margin_top = 40.0
margin_right = -256.0
margin_bottom = -312.0
custom_fonts/font = SubResource( 4 )
text = "Game Over"
align = 1
valign = 1
uppercase = true

[node name="ScoreLabel" type="Label" parent="GameOver"]
anchor_right = 1.0
anchor_bottom = 1.0
margin_left = 256.0
margin_top = 128.0
margin_right = -616.0
margin_bottom = -272.0
custom_fonts/font = SubResource( 2 )
text = "Score:"
valign = 1

[node name="Score" type="Label" parent="GameOver"]
anchor_right = 1.0
anchor_bottom = 1.0
margin_left = 408.0
margin_top = 128.0
margin_right = -384.0
margin_bottom = -272.0
custom_fonts/font = SubResource( 2 )
text = "0"
valign = 1

[node name="HighScoreLabel" type="Label" parent="GameOver"]
anchor_right = 1.0
anchor_bottom = 1.0
margin_left = 512.0
margin_top = 128.0
margin_right = -328.0
margin_bottom = -272.0
custom_fonts/font = SubResource( 10 )
text = "High Score:"
valign = 1

[node name="HighScore" type="Label" parent="GameOver"]
anchor_right = 1.0
anchor_bottom = 1.0
margin_left = 704.0
margin_top = 128.0
margin_right = -128.0
margin_bottom = -272.0
custom_fonts/font = SubResource( 11 )
text = "0"
valign = 1

[node name="RestartButton" type="Button" parent="GameOver"]
anchor_right = 1.0
anchor_bottom = 1.0
margin_left = 384.0
margin_top = 216.0
margin_right = -384.0
margin_bottom = -181.0
custom_fonts/font = SubResource( 5 )
custom_styles/hover = SubResource( 8 )
custom_styles/pressed = ExtResource( 4 )
custom_styles/normal = ExtResource( 3 )
text = "Restart"

[node name="MenuButton" type="Button" parent="GameOver"]
anchor_right = 1.0
anchor_bottom = 1.0
margin_left = 384.0
margin_top = 320.0
margin_right = -384.0
margin_bottom = -77.0
custom_fonts/font = SubResource( 5 )
custom_styles/hover = SubResource( 14 )
custom_styles/pressed = SubResource( 15 )
custom_styles/normal = SubResource( 16 )
text = "Menu"

[node name="AnimationPlayer" type="AnimationPlayer" parent="GameOver"]
anims/SlideDown = SubResource( 7 )
anims/SlideUp = SubResource( 3 )

[node name="Paused" type="Panel" parent="."]
visible = false
anchor_right = 1.0
anchor_bottom = 1.0
margin_left = 128.0
margin_right = -128.0
margin_bottom = -9.15527e-05
custom_styles/panel = SubResource( 1 )
script = ExtResource( 1 )

[node name="Title" type="Label" parent="Paused"]
anchor_right = 1.0
anchor_bottom = 1.0
margin_left = 80.0
margin_top = 48.0
margin_right = -432.0
margin_bottom = -304.0
custom_fonts/font = SubResource( 4 )
text = "Paused"
align = 1
valign = 1
uppercase = true

[node name="ScoreLabel" type="Label" parent="Paused"]
anchor_right = 1.0
anchor_bottom = 1.0
margin_left = 648.0
margin_top = 72.0
margin_right = -224.0
margin_bottom = -328.0
rect_pivot_offset = Vector2( -32, -7.99997 )
custom_fonts/font = SubResource( 2 )
text = "Score:"
valign = 1

[node name="Score" type="Label" parent="Paused"]
anchor_right = 1.0
anchor_bottom = 1.0
margin_left = 800.0
margin_top = 72.0
margin_right = 8.0
margin_bottom = -328.0
rect_pivot_offset = Vector2( -32, -7.99997 )
custom_fonts/font = SubResource( 2 )
text = "0"
valign = 1

[node name="ContinueButton" type="Button" parent="Paused"]
anchor_right = 1.0
anchor_bottom = 1.0
margin_left = 384.0
margin_top = 200.0
margin_right = -384.0
margin_bottom = -197.0
custom_fonts/font = SubResource( 5 )
custom_styles/hover = SubResource( 8 )
custom_styles/pressed = ExtResource( 4 )
custom_styles/normal = ExtResource( 3 )
text = "Resume"

[node name="RestartButton" type="Button" parent="Paused"]
anchor_right = 1.0
anchor_bottom = 1.0
margin_left = 384.0
margin_top = 288.0
margin_right = -384.0
margin_bottom = -109.0
custom_fonts/font = SubResource( 5 )
custom_styles/hover = SubResource( 17 )
custom_styles/pressed = SubResource( 18 )
custom_styles/normal = SubResource( 19 )
text = "Restart"

[node name="MenuButton" type="Button" parent="Paused"]
anchor_right = 1.0
anchor_bottom = 1.0
margin_left = 384.0
margin_top = 376.0
margin_right = -384.0
margin_bottom = -21.0
custom_fonts/font = SubResource( 5 )
custom_styles/hover = SubResource( 14 )
custom_styles/pressed = SubResource( 15 )
custom_styles/normal = SubResource( 16 )
text = "Menu"

[node name="AnimationPlayer" type="AnimationPlayer" parent="Paused"]
anims/SlideDown = SubResource( 12 )
anims/SlideUp = SubResource( 13 )

[connection signal="pressed" from="GameOver/RestartButton" to="GameOver" method="restartGame"]
[connection signal="pressed" from="GameOver/MenuButton" to="GameOver" method="gotoMenu"]
[connection signal="animation_finished" from="GameOver/AnimationPlayer" to="GameOver" method="_on_animation_finished"]
[connection signal="pressed" from="Paused/ContinueButton" to="Paused" method="resumeGame"]
[connection signal="pressed" from="Paused/RestartButton" to="Paused" method="restartGame"]
[connection signal="pressed" from="Paused/MenuButton" to="Paused" method="gotoMenu"]
[connection signal="animation_finished" from="Paused/AnimationPlayer" to="Paused" method="_on_animation_finished"]
