[gd_scene load_steps=18 format=2]

[ext_resource path="res://Assets/buttons/buttonhovered.tres" type="StyleBox" id=1]
[ext_resource path="res://Assets/buttons/buttonpressed.tres" type="StyleBox" id=2]
[ext_resource path="res://Assets/fontdata.tres" type="DynamicFontData" id=3]
[ext_resource path="res://Assets/buttons/button.tres" type="StyleBox" id=4]
[ext_resource path="res://Assets/buttons/reset/pressed.tres" type="StyleBox" id=5]
[ext_resource path="res://Assets/buttons/reset/normal.tres" type="StyleBox" id=6]
[ext_resource path="res://Assets/buttons/reset/hovered.tres" type="StyleBox" id=7]
[ext_resource path="res://Code/settings.gd" type="Script" id=8]

[sub_resource type="StyleBoxFlat" id=3]
bg_color = Color( 0.25098, 0.25098, 0.25098, 1 )
corner_radius_top_left = 32
corner_radius_bottom_left = 32

[sub_resource type="DynamicFont" id=2]
size = 64
font_data = ExtResource( 3 )

[sub_resource type="DynamicFont" id=5]
font_data = ExtResource( 3 )

[sub_resource type="DynamicFont" id=1]
font_data = ExtResource( 3 )

[sub_resource type="DynamicFont" id=4]
size = 32
font_data = ExtResource( 3 )

[sub_resource type="DynamicFont" id=9]
size = 14
font_data = ExtResource( 3 )

[sub_resource type="DynamicFont" id=8]
font_data = ExtResource( 3 )

[sub_resource type="Animation" id=7]
resource_name = "Close"
tracks/0/type = "value"
tracks/0/path = NodePath("ColorRect:self_modulate")
tracks/0/interp = 1
tracks/0/loop_wrap = true
tracks/0/imported = false
tracks/0/enabled = true
tracks/0/keys = {
"times": PoolRealArray( 0, 1 ),
"transitions": PoolRealArray( 1, 1 ),
"update": 0,
"values": [ Color( 1, 1, 1, 1 ), Color( 1, 1, 1, 0 ) ]
}
tracks/1/type = "value"
tracks/1/path = NodePath("ColorRect/Panel:rect_position")
tracks/1/interp = 1
tracks/1/loop_wrap = true
tracks/1/imported = false
tracks/1/enabled = true
tracks/1/keys = {
"times": PoolRealArray( 0, 1 ),
"transitions": PoolRealArray( 3, 1 ),
"update": 0,
"values": [ Vector2( 384, 0 ), Vector2( 1300, 0 ) ]
}
tracks/2/type = "value"
tracks/2/path = NodePath(".:visible")
tracks/2/interp = 1
tracks/2/loop_wrap = true
tracks/2/imported = false
tracks/2/enabled = true
tracks/2/keys = {
"times": PoolRealArray( 1 ),
"transitions": PoolRealArray( 1 ),
"update": 1,
"values": [ false ]
}

[sub_resource type="Animation" id=6]
resource_name = "Show"
tracks/0/type = "value"
tracks/0/path = NodePath("ColorRect:self_modulate")
tracks/0/interp = 1
tracks/0/loop_wrap = true
tracks/0/imported = false
tracks/0/enabled = true
tracks/0/keys = {
"times": PoolRealArray( 0, 1 ),
"transitions": PoolRealArray( 1, 1 ),
"update": 0,
"values": [ Color( 1, 1, 1, 0 ), Color( 1, 1, 1, 1 ) ]
}
tracks/1/type = "value"
tracks/1/path = NodePath("ColorRect/Panel:rect_position")
tracks/1/interp = 1
tracks/1/loop_wrap = true
tracks/1/imported = false
tracks/1/enabled = true
tracks/1/keys = {
"times": PoolRealArray( 0, 1 ),
"transitions": PoolRealArray( 0.3, 1 ),
"update": 0,
"values": [ Vector2( 1300, 0 ), Vector2( 384, 0 ) ]
}
tracks/2/type = "value"
tracks/2/path = NodePath(".:visible")
tracks/2/interp = 1
tracks/2/loop_wrap = true
tracks/2/imported = false
tracks/2/enabled = true
tracks/2/keys = {
"times": PoolRealArray( 0 ),
"transitions": PoolRealArray( 1 ),
"update": 1,
"values": [ true ]
}

[node name="Settings" type="Control"]
anchor_right = 1.0
anchor_bottom = 1.0
script = ExtResource( 8 )

[node name="ColorRect" type="ColorRect" parent="."]
margin_right = 1280.0
margin_bottom = 720.0
color = Color( 0.196078, 0.196078, 0.196078, 0.392157 )

[node name="Panel" type="Panel" parent="ColorRect"]
anchor_right = 1.0
anchor_bottom = 1.0
margin_left = 384.0
margin_right = -0.00195312
custom_styles/panel = SubResource( 3 )

[node name="Title" type="Label" parent="ColorRect/Panel"]
anchor_right = 1.0
anchor_bottom = 1.0
margin_left = 192.0
margin_top = 32.0
margin_right = -192.0
margin_bottom = -592.0
custom_fonts/font = SubResource( 2 )
text = "Settings"
align = 1
valign = 1

[node name="ResetHighscore" type="Button" parent="ColorRect/Panel"]
anchor_right = 1.0
anchor_bottom = 1.0
margin_left = 264.0
margin_top = 515.0
margin_right = -375.998
margin_bottom = -165.0
custom_fonts/font = SubResource( 5 )
custom_styles/hover = ExtResource( 7 )
custom_styles/pressed = ExtResource( 5 )
custom_styles/normal = ExtResource( 6 )
text = "Reset Highscore"

[node name="ResetConfirm" type="ConfirmationDialog" parent="ColorRect/Panel"]
margin_left = 280.0
margin_top = 440.0
margin_right = 480.0
margin_bottom = 510.0
dialog_text = "WARNING: This will permanently reset your high-score!
Are you sure you want to continue?"

[node name="Done" type="Button" parent="ColorRect/Panel"]
anchor_right = 1.0
anchor_bottom = 1.0
margin_left = 736.0
margin_top = 656.0
margin_right = -12.0
margin_bottom = -20.0
custom_fonts/font = SubResource( 1 )
custom_styles/hover = ExtResource( 1 )
custom_styles/pressed = ExtResource( 2 )
custom_styles/normal = ExtResource( 4 )
text = "Done"

[node name="Fullscreen" type="Control" parent="ColorRect/Panel"]
margin_left = 256.0
margin_top = 200.0
margin_right = 576.0
margin_bottom = 256.0

[node name="Fullscreen" type="Label" parent="ColorRect/Panel/Fullscreen"]
anchor_right = 1.0
anchor_bottom = 1.0
margin_left = 8.0
margin_top = 8.0
margin_right = -42.0
margin_bottom = -12.0
custom_fonts/font = SubResource( 4 )
text = "Fullscreen"

[node name="CheckFullscreen" type="CheckBox" parent="ColorRect/Panel/Fullscreen"]
anchor_right = 1.0
anchor_bottom = 1.0
margin_left = 280.0
margin_top = 8.0
margin_right = -5.0
margin_bottom = -16.0

[node name="BallSpeed" type="Control" parent="ColorRect/Panel"]
anchor_right = 1.0
anchor_bottom = 1.0
margin_left = 256.0
margin_top = 272.0
margin_right = -63.998
margin_bottom = -368.0

[node name="Speed" type="Label" parent="ColorRect/Panel/BallSpeed"]
anchor_right = 1.0
anchor_bottom = 1.0
margin_left = 8.0
margin_right = -160.0
margin_bottom = -48.0
custom_fonts/font = SubResource( 4 )
text = "Ball Speed: 100"

[node name="SpeedSlider" type="HSlider" parent="ColorRect/Panel/BallSpeed"]
anchor_right = 1.0
anchor_bottom = 1.0
margin_left = 8.0
margin_top = 48.0
margin_right = -16.0
margin_bottom = -8.0
min_value = 10.0
max_value = 200.0
value = 10.0

[node name="ResetSpeed" type="Button" parent="ColorRect/Panel/BallSpeed"]
anchor_right = 1.0
anchor_bottom = 1.0
margin_left = 416.0
margin_right = -24.0
margin_bottom = -48.0
custom_fonts/font = SubResource( 5 )
custom_styles/hover = ExtResource( 7 )
custom_styles/pressed = ExtResource( 5 )
custom_styles/normal = ExtResource( 6 )
text = "Reset"

[node name="SpeedWarning" type="Label" parent="ColorRect/Panel"]
anchor_right = 1.0
anchor_bottom = 1.0
margin_left = 264.0
margin_top = 344.0
margin_right = -85.998
margin_bottom = -352.0
custom_colors/font_color = Color( 1, 0, 0, 1 )
custom_fonts/font = SubResource( 9 )
text = "Scores will only be saved at the default speed of 100"

[node name="PaddleSpeed" type="Control" parent="ColorRect/Panel"]
anchor_right = 1.0
anchor_bottom = 1.0
margin_left = 256.0
margin_top = 384.0
margin_right = -63.998
margin_bottom = -256.0

[node name="Speed" type="Label" parent="ColorRect/Panel/PaddleSpeed"]
anchor_right = 1.0
anchor_bottom = 1.0
margin_left = 8.0
margin_right = -160.0
margin_bottom = -48.0
custom_fonts/font = SubResource( 4 )
text = "Paddle Speed: 50"

[node name="SpeedSlider" type="HSlider" parent="ColorRect/Panel/PaddleSpeed"]
anchor_right = 1.0
anchor_bottom = 1.0
margin_left = 8.0
margin_top = 48.0
margin_right = -16.0
margin_bottom = -8.0
min_value = 10.0
value = 10.0

[node name="ResetSpeed" type="Button" parent="ColorRect/Panel/PaddleSpeed"]
anchor_right = 1.0
anchor_bottom = 1.0
margin_left = 416.0
margin_right = -24.0
margin_bottom = -48.0
custom_fonts/font = SubResource( 5 )
custom_styles/hover = ExtResource( 7 )
custom_styles/pressed = ExtResource( 5 )
custom_styles/normal = ExtResource( 6 )
text = "Reset"

[node name="Relative" type="Control" parent="ColorRect/Panel"]
margin_left = 264.0
margin_top = 456.0
margin_right = 584.0
margin_bottom = 512.0

[node name="Relative" type="Label" parent="ColorRect/Panel/Relative"]
anchor_right = 1.0
anchor_bottom = 1.0
margin_left = 8.0
margin_top = 8.0
margin_right = -42.0
margin_bottom = -12.0
custom_fonts/font = SubResource( 8 )
text = "Relative pointer movement"
valign = 1

[node name="CheckRelative" type="CheckBox" parent="ColorRect/Panel/Relative"]
anchor_right = 1.0
anchor_bottom = 1.0
margin_left = 312.0
margin_top = 8.0
margin_right = 24.0
margin_bottom = -16.0

[node name="Animation" type="AnimationPlayer" parent="."]
anims/Close = SubResource( 7 )
anims/Show = SubResource( 6 )

[connection signal="pressed" from="ColorRect/Panel/ResetHighscore" to="." method="resetHighscore"]
[connection signal="confirmed" from="ColorRect/Panel/ResetConfirm" to="." method="resetScoreConfirm"]
[connection signal="pressed" from="ColorRect/Panel/Done" to="." method="saveSettingsAndClose"]
[connection signal="pressed" from="ColorRect/Panel/Fullscreen/CheckFullscreen" to="." method="_on_CheckFullscreen_pressed"]
[connection signal="value_changed" from="ColorRect/Panel/BallSpeed/SpeedSlider" to="." method="ballSpeedChanged"]
[connection signal="pressed" from="ColorRect/Panel/BallSpeed/ResetSpeed" to="." method="ballResetSpeed"]
[connection signal="value_changed" from="ColorRect/Panel/PaddleSpeed/SpeedSlider" to="." method="paddleSpeedChanged"]
[connection signal="pressed" from="ColorRect/Panel/PaddleSpeed/ResetSpeed" to="." method="paddleResetSpeed"]
[connection signal="pressed" from="ColorRect/Panel/Relative/CheckRelative" to="." method="_on_CheckFullscreen_pressed"]
